@article{shallowcnn,
  author = {Sarkisyan, K. S. and others},
  year = {2016},
  title = {Local fitness landscape of the green fluorescent protein},
  journal = {Nature},
  volume = {533},
  number = {7603},
  pages = {397-401},
  doi = {10.1038/nature17995}
}

@article{deepsol,
  author = {Khurana, S. and others},
  year = {2018},
  title = {DeepSol: A deep learning framework for sequence-based protein solubility prediction},
  journal = {Bioinformatics},
  volume = {34},
  number = {15},
  pages = {2605-2613},
  doi = {10.1093/bioinformatics/bty120}
}

@article{peer,
  author = {Xu, M. and Zhang, Z. and Lu, J. and others},
  year = {2022},
  title = {PEER: A Comprehensive and Multi-Task Benchmark for Protein Sequence Understanding},
  journal = {NeurIPS 2022 Datasets and Benchmarks},
  archiveprefix = {arXiv},
  eprint = {2206.02096}
}

@article{ProtTrans,
  title={ProtTrans: Towards Cracking the Language of Lifeâ€™s Code Through Self-Supervised Deep Learning and High Performance Computing},
  author={Ahmed Elnaggar and Michael Heinzinger and Christian Dallago and Ghalia Rihawi and Yu Wang and Llion Jones and Tom Gibbs and Tamas Feher and Christoph Angerer and Debsindhu Bhowmik and Burkhard Rost},
  journal={bioRxiv},
  year={2020},
  pages={2020.07.12.199554},
  doi={10.1101/2020.07.12.199554}
}

@article{tsien1998,
  author = {Tsien, R. Y.},
  year = {1998},
  title = {The Green Fluorescent Protein},
  journal = {Annual Review of Biochemistry},
  volume = {67},
  pages = {509-544}
}

@article{arnold1991,
  author = {Arnold, F. H. and Wintrode, P. L. and Miyazaki, K. and Gershenson, A.},
  year = {1991},
  title = {How Enzymes Adapt: Lessons from Directed Evolution},
  journal = {Trends in Biochemical Sciences},
  volume = {26},
  pages = {100-106}
}

@article{hu2024survey,
  author = {Bozhen HU and Cheng TAN and Lirong WU and Jiangbin ZHENG and Jun XIA and Zhangyang GAO and Zicheng LIU and Fandi WU and Guijun ZHANG and Stan Z. LI},
  title = {Advances of Deep Learning in Protein Science: A Comprehensive Survey},
  journal = {SCIENCE CHINA Information Sciences},
  year = {2024},
  volume = {},
  number = {},
  pages = {},
  doi = {},
  url = {}
}

@article{zhang2024,
  author = {Quan Zhang and Beichang Liu and Guoqing Cai and Jili Qian and Zhengyu Jin},
  title = {Application of the AlphaFold2 Protein Prediction Algorithm Based on Artificial Intelligence},
  journal = {Journal of Theory and Practice of Engineering Science},
  volume = {4},
  number = {2},
  year = {2024},
  pages = {},
  doi = {10.53469/jtpes.2024.04(02).09}
}

@article{peptidebert,
  title={PeptideBERT: A Language Model based on Transformers for Peptide Property Prediction},
  author={Chakradhar Guntuboina and Adrita Das and Parisa Mollaei and Seongwon Kim and Amir Barati Farimani},
  journal={arXiv preprint arXiv:2309.03099},
  year={2023},
  eprint={2309.03099},
  archiveprefix={arXiv},
  primaryclass={q-bio.BM}
}


@misc{genomeglossary,
  author       = {{National Human Genome Research Institute}},
  title        = {Genetics Home Reference: Genetics Glossary},
  howpublished = {\url{https://www.genome.gov/genetics-glossary}},
  year         = {2024},
  note         = {Accessed: 2024-07-30}
}

@misc{genomeglossary_protein,
  author       = {{National Human Genome Research Institute}},
  title        = {Genetics Home Reference: Protein},
  howpublished = {\url{https://www.genome.gov/genetics-glossary/Protein}},
  year         = {2024},
  note         = {Accessed: 2024-07-30}
}

@misc{genomeglossary_translation,
  author       = {{National Human Genome Research Institute}},
  title        = {Genetics Home Reference: Translation},
  howpublished = {\url{https://www.genome.gov/genetics-glossary/Translation}},
  year         = {2024},
  note         = {Accessed: 2024-07-30}
}

@article{TAPE,
  title={Evaluating Protein Transfer Learning with TAPE},
  author={Roshan Rao and Nicholas Bhattacharya and Neil Thomas and Yan Duan and Xi Chen and John Canny and Pieter Abbeel and Yun S. Song},
  journal={arXiv preprint arXiv:1906.08230},
  year={2019},
  eprint={1906.08230},
  archiveprefix={arXiv},
  primaryclass={cs.LG}
}